@article{李中建2017平遥古城游客特征研究,
  title={平遥古城游客特征研究——兼与丽江古城的对比分析},
  author={李中建 and 罗芳 and 冯庆 and others},
  journal={河南科学},
  number={2017 年 07},
  pages={1174--1180},
  year={2017},
  publisher={河南省科学院}
}

@phdthesis{张纯2007游客体验的模糊综合评价方法,
  title={游客体验的模糊综合评价方法——基于宜昌市景区的问卷调查},
  author={张纯 and 吕斌 and 孙莉 and others},
  year={2007}
}
@article{张爱权2019平遥古城旅游开发与保护的对策,
  title={平遥古城旅游开发与保护的对策},
  author={张爱权},
  journal={前进},
  volume={5},
  year={2019}
}
@article{王潞2018平遥古城原真性与旅游体验,
  title={平遥古城原真性与旅游体验},
  author={王潞 and 徐畅 and 杨霄雄},
  journal={旅游纵览 (下半月)},
  volume={7},
  year={2018}
}
@phdthesis{余向洋2006游客体验及其研究方法述评,
  title={游客体验及其研究方法述评},
  author={余向洋 and 朱国兴 and 邱慧},
  year={2006}
}
@article{尚悦2016地方文化资源保护开发的困境与对策,
  title={地方文化资源保护开发的困境与对策},
  author={尚悦},
  journal={现代商贸工业},
  volume={33},
  year={2016}
}
@mastersthesis{张星2015文化旅游目的地游客满意度研究,
  title={文化旅游目的地游客满意度研究},
  author={张星},
  year={2015},
  school={北京交通大学}
}
@mastersthesis{孟凡辉2008济南护城河风貌保护与发展,
  title={济南护城河风貌保护与发展},
  author={孟凡辉},
  year={2008},
  school={山东大学}
}
@article{林哲宇2017浅析建筑施工中的施工环境污染问题与防治策略,
  title={浅析建筑施工中的施工环境污染问题与防治策略},
  author={林哲宇 and 张宝全},
  journal={收藏},
  volume={9},
  year={2017}
}
@article{赵阔宇2011浅谈边坡生态防护技术在古城墙保护中绿化的应用,
  title={浅谈边坡生态防护技术在古城墙保护中绿化的应用},
  author={赵阔宇},
  journal={河北林业科技},
  volume={3},
  year={2011}
}
@article{周传馨2013宾州古城景区植物景观规划研究,
  title={宾州古城景区植物景观规划研究},
  author={周传馨},
  journal={广西城镇建设},
  volume={3},
  year={2013}
}
@article{魏明祥2002丹东古城互通式立交的排水设计,
  title={丹东古城互通式立交的排水设计},
  author={魏明祥},
  journal={辽宁交通科技},
  volume={4},
  year={2002}
}
@article{秦晋2012平遥以中国,
  title={平遥以中国 “四大” 古城之一神州龟城中国华尔街声望远逸},
  author={秦晋},
  journal={中国地名},
  volume={10},
  year={2012}
}
@article{nisbett1977halo,
  title={The halo effect: evidence for unconscious alteration of judgments.},
  author={Nisbett, Richard E and Wilson, Timothy D},
  journal={Journal of personality and social psychology},
  volume={35},
  number={4},
  pages={250},
  year={1977},
  publisher={American Psychological Association}
}
@article{ries2006understanding,
  title={Understanding marketing psychology and the halo effect},
  author={Ries, Al},
  journal={Advertising Age},
  volume={17},
  year={2006}
}
@article{shannon1948mathematical,
  title={A mathematical theory of communication},
  author={Shannon, Claude E},
  journal={The Bell system technical journal},
  volume={27},
  number={3},
  pages={379--423},
  year={1948},
  publisher={Nokia Bell Labs}
}
@article{农村老年人社区养老满意度及影响因素研究,
  title={农村老年人社区养老满意度及影响因素研究——基于多分类因变量Logistic 模型的实证分析},
  author={纪江明 and 张乐天},
  journal={浙江社会科学},
  volume={4},
  pages={68--80},
  year={2021},
  publisher={Nokia Bell Labs}
}
@book{旅游地学大辞典,
  author         = {陈安泽},
  title          = {旅游地学大辞典},
  publisher      = {科学出版社},
  year           = {2013.8}
}
@book{游客凝视,
  author         = {John Urry},
  title          = {游客凝视},
  publisher      = {广西师范大学出版社},
  year           = {2008.4}
}
@misc{保护世界文化和自然遗产公约,
  publisher    = {联合国教科文组织},
  title        = {保护世界文化和自然遗产公约},
  year         = {1972.11}
}
@misc{保护非物质文化遗产公约,
  publisher    = {联合国教科文组织},
  title        = {保护非物质文化遗产公约},
  year         = {2003.11}
}